@book{RamirezGorriz,
 	author    = {J. Ramirez and J. M. Gorriz and J. C. Segura},
 	title     = {Voice {A}ctivity {D}etection. {F}undamentals and {S}peech {R}ecognition {S}ystem {R}obustness, {R}obust {S}peech {R}ecognition and {U}nderstanding},
 	publisher = {InTech},
 	year      = {2007}}
 
@article{RabinerSambur,
	author    = {L. R. Rabiner and M. R. Sambur},
	journal   = {The Bell System Technical Journal},
	month     = {February},
	title     = {An {A}lgorithm for {D}etermining the {E}ndpoints of {I}solated {U}tterances},
	year      = {1975},
	volume    = {54},
	number    = {2},
	pages     = {297-315},
	publisher = {Blackwell Publishing Ltd}}
	
@article{Sohn,
	author    = {J. Sohn and N. S. Kim and W. Sung},
	journal   = {Signal Processing Letters, IEEE},
	month     = {January},
	title     = {A {S}tatistical {M}odel-{B}ased {V}oice {A}ctivity {D}etection},
	year      = {1999},
	volume    = {6}, 
	number    = {1}, 
	pages     = {1-3}}

@misc{Park,
	author    = {Y. Park and S. Lee},
	title     = {Speech enhancement through voice activity detection using speech absence probability based on {T}eager energy},
	year      = {2013},
	journal   = {Journal of Central South University},
	volume    = {20},
	number    = {2},
	pages     = {424-432},
	publisher = {Central South University}}

@incollection{Michaelis,
	author    = {P. R. Michaelis},
	title     = {Human {S}peech {D}igitization and {C}ompression},
	booktitle = {International {E}ncyclopedia of {E}rgonomics and {H}uman {F}actors},
	year      = {2006},
	editor    = {W. Karwowski},
	publisher = {CRC Press}
}

@book{Kondoz,
	author    = {A. M. Kondoz},
	title     = {Digital {S}peech. {C}oding for {L}ow {B}it {R}ate {C}ommunication {S}ystems},
	publisher = {John Wiley \& Sons},
	year      = {2004}}

@inproceedings{GSMControl,
	author    = {C. B. Southcott and D. Freeman and G. Cosier and D. Sereno and A. van der Krogt and A. Gilloire and H. J. Braun},
	booktitle = {Global Telecommunications Conference and Exhibition `Communications Technology for the 1990s and Beyond' (GLOBECOM). IEEE},
	title     = {Voice {C}ontrol of the {P}an-{E}uropean {D}igital {M}obile {R}adio {S}ystem},
	year      = {1989},
	month     = {November},
	pages     = {1070-1074},
	volume    = {2}}
	
@article{Sahidullah,
	author    = {M. Sahidullah and G. Saha},
	title     = {Comparison of {S}peech {A}ctivity {D}etection {T}echniques for {S}peaker {R}ecognition},
	journal   = {Computing Research Repository},
	volume    = {abs/1210.0297},
	year      = {2012}}
	
@article{Kuroiwa,
	author    = {S. Kuroiwa and M. Naito and S. Yamamoto and N. Higuchi},
	journal   = {Speech Communication},
	title     = {Robust {S}peech {D}etection {M}ethod for {T}elephone {S}peech {R}ecognition {S}ystem},
	year      = {1999},
	month     = {March},
	volume    = {27},
	number    = {2},
	pages     = {135-148}}
	
@article{Martin,
	author    = {A. Martin and L. Mauuary},
	journal   = {Speech Communication},
	title     = {Robust {S}peech/{N}on-{S}peech {D}etection {B}ased on {LDA}-{D}erived {P}arameter and {V}oicing {P}arameter for {S}peech {R}ecognition in {N}oisy {E}nvironments},
	year      = {2006},
	month     = {February},
	volume    = {48},
	number    = {2},
	pages     = {191–206}}
	
@inproceedings{Shafran,
	author    = {I. Shafran and R. Rose},
	title     = {Robust {S}peech {D}etection and {S}egmentation for {R}eal-{T}ime {ASR} {A}pplications},
	booktitle = {Acoustics, Speech, and Signal Processing, 2003. Proceedings. (ICASSP '03). 2003 IEEE International Conference on},
	year      = {2003},
	month     = {April},
	volume    = {1},
	pages     = {432-435}}
	
@article{ImprovedLikelihood,
	author    = {J. M. Gorriz and J. Ramirez and E. W. Lang and G. C. Puntonet and I. Turias},
	journal   = {Speech Communication},
	title     = {Improved {L}ikelihood {R}atio {T}est {B}ased {V}oice {A}ctivity {D}etector {A}pplied to {S}peech {R}ecognition},
	year      = {2010},
	month     = {July-August},
	volume    = {52},
	number    = {7-8},
	pages     = {664–677}}
	
@inproceedings{Borisagar,
	author    = {K. R. Borisagar and D. G. Kamdar and B. S. Sedani and G. R. Kulkarni},
	booktitle = {Computational Intelligence and Computing Research (ICCIC), 2010 IEEE International Conference on}, 
	title     = {Speech {E}nhancement in {N}oisy {E}nvironment {U}sing {V}oice {A}ctivity {D}etection and {W}avelet {T}hresholding},
	year      = {2010}, 
	month     = {December}, 
	pages     = {1-5}}

@inproceedings{Prasad,
	author    = {R. Venkatesha Prasad and A. Sangwan and H. S. Jamadagni and M. C. Chiranth and R. Sah and V. Gaurav},
	booktitle = {Computers and Communications, 2002. Proceedings. ISCC 2002. Seventh International Symposium on}, 
	title     = {Comparison of {V}oice {A}ctivity {D}etection {A}lgorithms for {V}o{IP}},
	year      = {2002},
	pages     = {530-535}}
	
@article{G729,
	author    = {A. Benyassine and E. Shlomot and H. Y. Su and D. Massaloux and C. Lamblin and J. P. Petit},
	journal   = {Communications Magazine, IEEE},
	title     = {{ITU}-{T} {R}ecommendation {G}.729 {A}nnex {B}: {A} {S}ilence {C}ompression {S}cheme for {U}se with {G}.729 {O}ptimized for {V}.70 {D}igital {S}imultaneous {V}oice and {D}ata {A}pplications},
	year      = {1997},
	month     = {September}, 
	volume    = {35}, 
	number    = {9}, 
	pages     = {64-73}}
	
@misc{AMR,
	author    = {European Telecommunications Standards Institute},
	title     = {Digital {C}ellular {T}elecommunications {S}ystem ({P}hase 2+); {V}oice {A}ctivity {D}etector ({VAD}) for {A}daptive {M}ulti-{R}ate ({AMR}) {S}peech {T}raffic {C}hannels; {G}eneral {D}escription ({GSM} 06.94 version 7.1.0 {R}elease 1998)},
	year      = {1999},
	month     = {July}}
	
@misc{IS733,
	author    = {Telecommunications Industry Association/Electronic Industries Alliance},
	title     = {High {R}ate {S}peech {S}ervice {O}ption 17 for {W}ideband {S}pread {S}pectrum {C}ommunication {S}ystems},
	year      = {1997}}
	
@misc{G729Original,
	author    = {International Telecommunication Union, Telecommunication Standardization Sector},
	title     = {{ITU}-{T} {R}ecommendation {G}.729 - Coding of speech at 8 kbit/s using conjugate-structure algebraic-code-excited linear prediction ({CS}-{ACELP})},
	year      = {1996},
	month     = {March}}

@inproceedings{Cornu,
	author    = {E. Cornu and H. Sheikhzadeh and R. L. Brennan and H. R. Abutalebi and E. C. Y. Tam and P. Iles and K. W. Wong},
	title     = {{ETSI} {AMR}-2 {VAD}: {E}valuation {A}nd {U}ltra {L}ow-{R}esource {I}mplementation},
	booktitle = {Multimedia and Expo, 2003. ICME '03. Proceedings. 2003 International Conference on}, 
	year      = {2003},
	month     = {July}, 
	volume    = {2}, 
	pages     = {II-841-4}}
	
@inproceedings{SohnInitial,
	author    = {J. Sohn and W. Sung},
	booktitle = {Acoustics, Speech and Signal Processing, 1998. Proceedings of the 1998 IEEE International Conference on}, 
	title     = {A {V}oice {A}ctivity {D}etector {E}mploying {S}oft {D}ecision {B}ased {N}oise {S}pectrum {A}daptation},
	year      = {1998},
	month     = {May}, 
	volume    = {1}, 
	pages     = {365-368}}
	
@article{MSnoise,
	author    = {M. Rainer},
	title     = {Noise {P}ower {S}pectral {D}ensity {E}stimation {B}ased on {O}ptimal {S}moothing and {M}inimum {S}tatistics},
	journal   = {Speech and Audio Processing, IEEE Transactions on}, 
	year      = {2001},
	month     = {July}, 
	volume    = {9}, 
	number    = {5}, 
	pages     = {504-512}}
	
@article{MMSEnoise,
	author    = {T. Gerkmann and R. C. Hendriks},
	title     = {Unbiased {MMSE}-{B}ased {N}oise {P}ower {E}stimation with {L}ow {C}omplexity and {L}ow {T}racking {D}elay},
	journal   = {Audio, Speech, and Language Processing, IEEE Transactions on}, 
	year      = {2012},
	month     = {May}, 
	volume    = {20}, 
	number    = {4}, 
	pages     = {1383-1393}}
	
@inproceedings{Kida,
	author    = {Y. Kida and T. Kawahara},
	title     = {Voice {A}ctivity {D}etection based on {O}ptimally {W}eighted {C}ombination of {M}ultiple {F}eatures},
	booktitle = {Speech Communication and Technology INTERSPEECH, 9th European Conference on},
	year      = {2005},
	pages     = {2621-2624}}
	
@misc{XiaoLei,
	author = {X-L. Zhang and J. Wu},
	title = {Denoising {D}eep {N}eural {N}etworks based {V}oice {A}ctivity {D}etection},
	journal   = {Computing Research Repository},
	volume    = {abs/1303.0663},
	year      = {2013}}
	
@inproceedings{Stadtschnitzer,
	author    = {M. Stadtschnitzer and T. V. Pham and T. T. Chien},
	title     = {Reliable {V}oice {A}ctivity {D}etection {A}lgorithms {U}nder {A}dverse {E}nvironments},
	booktitle = {Communications and Electronics, 2008. ICCE 2008. Second International Conference on}, 
	year      = {2008},
	month     = {June}, 
	pages     = {218-223}}
	
@misc{Kotcher,
	author    = {R. Kotcher and K. Monteith},
	title     = {Noise-resilient speech segmentation using the {V}oting {E}xperts algorithm},
	year      = {2013}}
	
@inproceedings{Tuske,
	author    = {Z. Tuske and P. Mihajlik and Z. Tobler and T. Fegyo},
	title     = {Robust {V}oice {A}ctivity {D}etection {B}ased on the {E}ntropy of {N}oise-{S}uppressed {S}pectrum},
	booktitle = {Speech Communication and Technology INTERSPEECH, 9th European Conference on},
	year      = {2005},
	volume    = {3}}
	
@inproceedings{Weaver,
	author    = {K. Weaver and K. Waheen and F. M. Salem},
	title     = {An {E}ntropy based {R}obust {S}peech {B}oundary {D}etection {A}lgorithm for {R}ealistic {N}oisy {E}nvironments},
	booktitle = {Neural Networks. Proceedings of the International Joint Conference on}, 
	year      = {2003},
	month     = {July}, 
	volume    = {1}, 
	pages     = {680-685}}
	
@article{LTSD,
	author    = {J. Ramirez and J. C. Segura and C. Benitez and A. de la Torre and A. Rubio},
	title     = {Efficient voice activity detection algorithms using long-term speech information},
	journal   = {Speech Communication},
	year      = {2004},
	month     = {April},
	volume    = {42},
	number    = {3-4},
	pages     = {271–287}}
	
@article{Shannon,
	author    = {C. E. Shannon},
	title     = {A mathematical theory of communication},
	journal   = {Bell System Technical Journal},
	year      = {1948},
	volume    = {27}}
	
@inproceedings{Renevey,
	author    = {P. Renevey and A. Drygajlo},
	title     = {Entropy {B}ased {V}oice {A}ctivity {D}etection in {V}ery {N}oisy {C}onditions},
	booktitle = {in Proc. Eurospeech},
	year      = {2001},
	pages     = {1887-1890}}
	
@inproceedings{Tan,
	author    = {L. N. Tan and B. J. Borgstrom and A. Alwan},
	title     = {Voice {A}ctivity {D}etection using {H}armonic {F}requency {C}omponents in {L}ikelihood {R}atio {T}est},
	booktitle = {Acoustics, Speech, and Signal Processing. Proceedings. (ICASSP). IEEE International Conference on}, 
	year      = {2010}}
	
@inproceedings{Cho,
	author    = {Y. D. Cho and K. Al-Naimi and A. Kondoz},
	title     = {Improved voice activity detection based on a smoothed statistical likelihood ratio},
	booktitle = {Acoustics, Speech, and Signal Processing. Proceedings. (ICASSP). IEEE International Conference on}, 
	year      = {2001},
	volume    = {2}, 
	pages     = {737-740}}
	
@article{Ephraim,
	author    = {Y. Ephraim and D. Malah},
	title     = {Speech enhancement using a minimum-mean square error short-time spectral amplitude estimator},
	journal   = {Acoustics, Speech and Signal Processing, IEEE Transactions on},
	volume    = {32},
	pages     = {1109–1121},
	year      = {1984},
	month     = {December}}

@article{RamirezMulti,
	author    = {J. Ramirez and J. C. Segura and C. Benitez and L. Garcia and
A. Rubio},
	title     = {Statistical {V}oice {A}ctivity {D}etection {U}sing a {M}ultiple {O}bservation {L}ikelihood {R}atio {T}est},
	journal   = {Signal Processing Letters, IEEE},
	year      = {2005},
	month     = {October},
	volume    = {12},
	number    = {10},
	pages     = {689-692}}
	
@article{PARADE,
	author    = {K. Ishizuka and T. Nakatani and M. Fujimoto and N. Miyazaki},
	title     = {Noise robust voice activity detection based on periodic to aperiodic component ratio},
	journal   = {Speech Communication},
	year      = {2010},
	month     = {January},
	volume    = {52},
	number    = {1},
	pages     = {41-60}}
	
@misc{TIMIT,
	author    = {J. S. Garofolo and L. F. Lamel and W. M. Fisher and J. G. Fiscus and D. S. Pallett and N. L. Dahlgren and V. Zue},
	title     = {T{IMIT} {A}coustic-{P}honetic {C}ontinuous {S}peech {C}orpus},
	journal   = {Linguistic Data Consortium, Philadelphia},
	year      = {1993}}
	
@article{NOISEX,
	author    = {A. Varga and H. J. M. Steeneken},
	title     = {Assessment for automatic speech recognition: II. {NOISEX}-92: {A} database and an experiment to study the effect of additive noise on speech recognition systems},
	journal   = {Speech Communication},
	year      = {1993},
	month     = {July},
	volume    = {12},
	number    = {3},
	pages     = {247–251}}
	
@article{HOS,
	author    = {K. Li and M. N. S. Swamy and M. O. Ahmad},
	title     = {An {I}mproved {V}oice {A}ctivity {D}etection {U}sing
{H}igher {O}rder {S}tatistics},
	journal   = {Speech and Audio Processing, IEEE Transactions on},
	year      = {2005},
	month     = {September}, 
	volume    = {13},
	number    = {5},
	pages     = {965-974}}
	
@article{periodicity,
	author    = {R. Tucker},
	title     = {Voice activity detection using a periodicity measure},
	journal   = {Communications, Speech and Vision, IEE Proceedings I}, 
	year      = {1992}, 
	month     = {August}, 
	volume    = {139}, 
	number    = {4}, 
	pages     = {377-380}}
	
@misc{VOICEBOX,
	author    = {M. Brookes},
	title     = {{VOICEBOX}: {S}peech {P}rocessing {T}oolbox for {MATLAB}},
	year      = {2014},
	url       = {http://www.ee.ic.ac.uk/hp/staff/dmb/voicebox/voicebox.html}}
	
@article{PEFAC,
	author    = {S. Gonzalez and M. Brookes},
	title     = {{PEFAC} - {A} {P}itch {E}stimation {A}lgorithm {R}obust to {H}igh {L}evels of {N}oise},
	journal   = {Audio, Speech, and Language Processing, IEEE/ACM Transactions on},
	year      = {2014},
	month     = {February}, 
	volume    = {22}, 
	number    = {2}, 
	pages     = {518-530}}
	
@misc{ETSIHangover,
	author    = {European Telecommunications Standards Institute},
	title     = {{ETSI} {ES} 202 050 v 1.1.3 {S}peech {P}rocessing, {T}ransmission and {Q}uality {A}spects; {D}istributed speech recognition; {A}dvanced front-end feature extraction algorithm; {C}ompression algorithms},
	year      = {2003}}
	
@misc{Nato,
	author   = {Institute for {P}erception-{TNO}, {T}he {N}etherlands {S}peech {R}esearch {U}nit, {U}nited {K}ingdom},
	title    = {NATO Noises},
	year     = {1990}}